%% LaTeX2e file `elsarticle-template-num.bib'
%% generated by the `filecontents' environment
%% from source `elsarticle-template-num' on 2024/05/24.
%%
@article{r1,
  title = {Power laws, Pareto distributions and Zipf's law},
  author = {Newman, M. E. J.},
  journal = {Contemporary Physics},
  year = {2005},
  volume = {46},
  number = {5},
  pages = {323--351},
  doi = {10.1080/00107510500052444},
  eprint = {cond-mat/0412004},
  archiveprefix = {arXiv},
  bibcode = {2005ConPh..46..323N},
  s2cid = {202719165}
}
@article{r2,
  title = {Estimation of the Parameters of the Pareto Distribution},
  author = {Malik, H. J.},
  journal = {Metrika},
  year = {1970},
  volume = {15},
  pages = {126--132},
  doi = {10.1007/BF02613565},
  s2cid = {124007966}
}
@misc{r3,
  author = {Wikipedia contributors},
  title = {Pareto distribution},
  year = {2023},
  url = {https://en.wikipedia.org/wiki/Pareto_distribution#cite_note-23},
  note = {Online; accessed October 2023},
  howpublished = {\url{https://en.wikipedia.org/wiki/Pareto_distribution#cite_note-23}}
}

@article{r4,
  title = {Estimating the Tails of Loss Severity Distributions using Extreme Value Theory},
  author = {McNeil, A. J.},
  journal = {ASTIN Bulletin},
  year = {1996},
  volume = {26},
  number = {1},
  pages = {117--137},
  doi = {10.2143/AST.26.1.563234}
}
@book{r5,
  title = {Statistical Models},
  author = {Davison, A. C.},
  year = {2003},
  publisher = {Cambridge University Press},
  address = {Cambridge},
  pages = {278}
}
@book{MainBook,
  title = {Modelling Extremal Events for Insurance and Finance},
  author = {Embrechts, P. and Kl{\"u}ppelberg, C. and Mikosch, T.},
  year = {1997},
  publisher = {Springer},
  address = {Berlin},
  series = {Applications of Mathematics},
  volume = {33}
}

@article{r6,
  title = {Probability plotting methods and order statistics},
  author = {Barnett, V.},
  journal = {Applied Statistics},
  year = {1975},
  volume = {24},
  pages = {95--108},
  note = {[293]}
}
@book{r7,
  title = {Extreme Value Theory in Engineering},
  author = {Castillo, E.},
  year = {1988},
  publisher = {Academic Press},
  address = {San Diego},
  note = {[293, 310]}
}
@book{r8,
  title = {Computational Methods for Data Analysis},
  author = {Chambers, J. M.},
  year = {1977},
  publisher = {Wiley},
  address = {New York},
  note = {[293]}
}
@book{r9,
  title = {Order Statistics},
  author = {David, H. A.},
  year = {1981},
  edition = {2nd},
  publisher = {Wiley},
  address = {New York},
  note = {[195, 293]}
}
@book{r10,
  title = {An Introduction to Mathematical Risk Theory},
  author = {Gerber, H. U.},
  year = {1979},
  series = {Huebner Foundation Monographs},
  number = {8},
  publisher = {Richard D. Irwin Inc.},
  address = {Homewood, Illinois},
  note = {I27. 3II}
}
@book{r11,
  title = {An Introduction to Statistical Modelling of Extreme Values},
  author = {Coles, S.},
  year = {2001},
  publisher = {Springer},
  address = {London}
}
@book{r12,
  title = {Univariate Discrete Distributions},
  author = {Johnson, N. L. and Kotz, S. and Kemp, A. W.},
  year = {1992},
  edition = {2nd},
  publisher = {Wiley},
  address = {New York},
  note = {[304]}
}
@incollection{r13,
  title = {Extreme value theory},
  author = {Smith, R. L.},
  booktitle = {Handbook of Applicable Mathematics, Supplement},
  editor = {Ledermann, W.},
  publisher = {Wiley},
  address = {Chichester},
  year = {1990},
  pages = {437--472},
  note = {[167, 319--323, 356]}
}
@article{r14,
  title = {Estimation of the generalized extreme-value distribution by the method of probability-weighted moments},
  author = {Hosking, J. R. M. and Wallis, J. R. and Wood, E. F.},
  journal = {Technometrics},
  year = {1985},
  volume = {27},
  number = {3},
  pages = {251--261},
  note = {[321--323]}
}